@inbook{McMillan-2007,
    place={Cambridge}, 
    title={Basic Sorting Algorithms}, 
    booktitle={Data Structures and Algorithms Using C\#}, 
    publisher={Cambridge University Press}, 
    author={McMillan, Michael}, year={2007}, 
    pages={42–43}
}
@book{knuth-1997,
	author = {Knuth, Donald Ervin},
	month = {1},
	publisher = {Addison-Wesley Professional},
	title = {{The Art of Computer Programming: Seminumerical algorithms}},
	year = {1997},
}

@book{skiena-2008,
	author = {Skiena, Steven S.},
	month = {1},
	title = {{The Algorithm Design Manual}},
	year = {2008},
	doi = {10.1007/978-1-84800-070-4},
	url = {https://doi.org/10.1007/978-1-84800-070-4},
        pages={120-123},
        publisher = {Springer London}
}

@book{bobrov-2023,
	author = {Bobrov, Kirill},
	month = {5},
	publisher = {Manning},
	title = {{Grokking concurrency}},
	year = {2023},
	url = {https://www.manning.com/books/grokking-concurrency},
        pages = {3-4}
}

@misc{extended-learning-institute-no-date,
	author = {Extended Learning Institute [ELI] and Northern Virginia Community College [NOVA]},
	title = {{Reading: Structured Programming}},
	url = {https://courses.lumenlearning.com/sanjacinto-computerapps/chapter/reading-structured-programming/},
}
@misc{wellesley-college-2000,
	author = {Wellesley College},
	title = {{Forms of iteration}},
	year = {2000},
	url = {https://cs111.wellesley.edu/archive/cs111_spring00/public_html/lectures/iteration.html},
}
@book{bhargava-2016,
	author = {Bhargava, Aditya Y.},
	month = {5},
	publisher = {Manning Publications},
	title = {{Grokking algorithms}},
	year = {2016},
}
@book{Heineman2008-mw,
  title     = "Algorithms in a Nutshell",
  author    = "Heineman, George T and Pollice, Gary and Selkow, Stanley",
  publisher = "O'Reilly Media",
  year      =  2008,
  address   = "Sebastopol, CA, Estados Unidos de Am{\'e}rica",
  language  = "en"
}

@BOOK{Sedgewick2003-cd,
  title     = "Algorithms in java",
  author    = "Sedgewick, Robert",
  publisher = "Addison-Wesley Educational",
  edition   =  3,
  year      =  2003,
  address   = "Boston, MA, Estados Unidos de Am{\'e}rica",
  language  = "en"
}

@BOOK{Cormen2001-zs,
  title     = "Introduction to Algorithms",
  author    = "Cormen, Thomas H and Leiserson, Charles E and Rivest, Ronald L
               and Stein, Clifford",
  publisher = "MIT Press",
  edition   =  2,
  year      =  2001,
  address   = "Londres, Inglaterra"
}

@BOOK{Ramgir2017-mv,
  title     = "Java 9 High Performance",
  author    = "Ramgir, Mayur and Samoylov, Nick",
  publisher = "Packt Publishing",
  year      =  2017,
  address   = "Birmingham, Inglaterra"
}

@MISC{OracleForkJoin,
  title        = "{ForkJoinPool} (java {SE} 10 \& {JDK} 10 )",
  booktitle    = "Oracle.com",
  howpublished = "\url{https://docs.oracle.com/javase/10/docs/api/java/util/concurrent/ForkJoinPool.html}",
  note         = "Accessed: 2024-12-15",
  language     = "en"
}

@misc{OracleExecutors,
	month = {9},
	title = {{Executors (Java Platform SE 8 )}},
	year = {2024},
	url = {https://docs.oracle.com/javase/8/docs/api/java/util/concurrent/Executors.html},
}

@misc{OracleExecutorService,
	author = {{Oracle}},
	title = {ExecutorService (Java Platform SE 8)},
	year = {2025},
	url = {https://docs.oracle.com/javase/8/docs/api/java/util/concurrent/ExecutorService.html},
	note = {Accedido: 19-ene-2025},
}


@misc{OracleSplittableRandom,
	month = {9},
	title = {{SplitTableRandom (Java Platform SE 8 )}},
	year = {2024},
	url = {https://docs.oracle.com/javase/8/docs/api/java/util/SplittableRandom.html},
}

@misc{OracleSystem,
	month = {9},
	title = {{System (Java Platform SE 8 )}},
	year = {2024},
	url = {https://docs.oracle.com/javase/8/docs/api/java/lang/System.html},
}

@misc{OracleOutOfMemoryError,
	month = {9},
	title = {{System (Java Platform SE 8 )}},
	year = {2024},
	url = {https://docs.oracle.com/javase/8/docs/technotes/guides/troubleshoot/memleaks002.html},
}

@book{magee-2006,
	author = {Magee, Jeff and Kramer, Jeff},
	month = {6},
	publisher = {John Wiley \& Sons},
	title = {{Concurrency}},
	year = {2006},
}

@misc{engle_2022,
	author = {Sophie Engle},
	title = {Thread Pools and Work Queues},
	year = {2022},
	url = {https://usf-cs272-spring2022.github.io/files/Thread%20Pools%20and%20Work%20Queues.pdf},
	note = {CS 272 Software Development, Department of Computer Science, University of San Francisco, Contact: sjengle@cs.usfca.edu},
}

@misc{kumar_2024,
	author = {Reetesh Kumar},
	title = {A Deep Dive into Java’s ForkJoinPool Mechanics},
	year = {2024},
	url = {https://medium.com/@reetesh043/a-deep-dive-into-javas-forkjoinpool-mechanics-556f82d160fb},
	note = {Medium, Contact: reetesh043@medium.com},
}


